@article{rajpurkar2017chexnet,
  title={Chexnet: Radiologist-level pneumonia detection on chest x-rays with deep learning},
  author={Rajpurkar, Pranav and Irvin, Jeremy and Zhu, Kaylie and Yang, Brandon and Mehta, Hershel and Duan, Tony and Ding, Daisy and Bagul, Aarti and Langlotz, Curtis and Shpanskaya, Katie and others},
  journal={arXiv preprint arXiv:1711.05225},
  year={2017}
}


@article{bradley2008history,
	title={History of medical imaging},
	author={Bradley, William G},
	journal={Proceedings of the American Philosophical Society},
	volume={152},
	number={3},
	pages={349--361},
	year={2008},
	publisher={JSTOR}
}

@article{rimmer2017radiologist,
	title={Radiologist shortage leaves patient care at risk, warns royal college},
	author={Rimmer, Abi},
	journal={Bmj},
	volume={359},
	pages={j4683},
	year={2017},
	publisher={British Medical Journal Publishing Group}
}

@inproceedings{krizhevsky2012imagenet,
	title={Imagenet classification with deep convolutional neural networks},
	author={Krizhevsky, Alex and Sutskever, Ilya and Hinton, Geoffrey E},
	booktitle={Advances in neural information processing systems},
	pages={1097--1105},
	year={2012}
}


@article{lecun1989backpropagation,
	title={Backpropagation applied to handwritten zip code recognition},
	author={LeCun, Yann and Boser, Bernhard and Denker, John S and Henderson, Donnie and Howard, Richard E and Hubbard, Wayne and Jackel, Lawrence D},
	journal={Neural computation},
	volume={1},
	number={4},
	pages={541--551},
	year={1989},
	publisher={MIT Press}
}

@inproceedings{szegedy2015going,
	title={Going deeper with convolutions},
	author={Szegedy, Christian and Liu, Wei and Jia, Yangqing and Sermanet, Pierre and Reed, Scott and Anguelov, Dragomir and Erhan, Dumitru and Vanhoucke, Vincent and Rabinovich, Andrew},
	booktitle={Proceedings of the IEEE conference on computer vision and pattern recognition},
	pages={1--9},
	year={2015}
}

@article{hinton2012improving,
	title={Improving neural networks by preventing co-adaptation of feature detectors},
	author={Hinton, Geoffrey E and Srivastava, Nitish and Krizhevsky, Alex and Sutskever, Ilya and Salakhutdinov, Ruslan R},
	journal={arXiv preprint arXiv:1207.0580},
	year={2012}
}

@article{castellino2005computer,
	title={Computer aided detection (CAD): an overview},
	author={Castellino, Ronald A},
	journal={Cancer Imaging},
	volume={5},
	number={1},
	pages={17},
	year={2005},
	publisher={BioMed Central}
}

@online{youtube,
	title = {Video from RSNA 2018: Dr. Paul Chang on AI and radiology},
	date = {2018},
	organisation = {RSNA},
	url = {https://youtu.be/o2-CrrrtuJI?t=300}
}

@online{youtube2,
	title = {AI in Radiology at Stanford: Rise of the Machines},
	date = {2018},
	organisation = {Stanford}
	url = {https://youtu.be/Gigd1rkZTSE}
}

@misc{DrLungren.2018,
	author = {DrMatthew,Lungren},
	year = {2018},
	title = {AI in Radiology at Stanford: Rise of the Machines},
	url = {https://youtu.be/Gigd1rkZTSE}
}

@misc{MIT.2019,
	author = {Alexander,Amino},
	year = {2019},
	title = {MIT 6.S191: Convolutional Neural Networks
	},
	url = {https://youtu.be/H-HVZJ7kGI0?t=6}
}

@article{irvin2019chexpert,
	title={Chexpert: A large chest radiograph dataset with uncertainty labels and expert comparison},
	author={Irvin, Jeremy and Rajpurkar, Pranav and Ko, Michael and Yu, Yifan and Ciurea-Ilcus, Silviana and Chute, Chris and Marklund, Henrik and Haghgoo, Behzad and Ball, Robyn and Shpanskaya, Katie and others},
	journal={arXiv preprint arXiv:1901.07031},
	year={2019}
}

@inproceedings{huang2017densely,
	title={Densely connected convolutional networks},
	author={Huang, Gao and Liu, Zhuang and Van Der Maaten, Laurens and Weinberger, Kilian Q},
	booktitle={Proceedings of the IEEE conference on computer vision and pattern recognition},
	pages={4700--4708},
	year={2017}
}

@inproceedings{deng2009imagenet,
	title={Imagenet: A large-scale hierarchical image database},
	author={Deng, Jia and Dong, Wei and Socher, Richard and Li, Li-Jia and Li, Kai and Fei-Fei, Li},
	booktitle={2009 IEEE conference on computer vision and pattern recognition},
	pages={248--255},
	year={2009},
	organization={Ieee}
}

@inproceedings{wang2017chestx,
	title={Chestx-ray8: Hospital-scale chest x-ray database and benchmarks on weakly-supervised classification and localization of common thorax diseases},
	author={Wang, Xiaosong and Peng, Yifan and Lu, Le and Lu, Zhiyong and Bagheri, Mohammadhadi and Summers, Ronald M},
	booktitle={Proceedings of the IEEE conference on computer vision and pattern recognition},
	pages={2097--2106},
	year={2017}
}

@article{guendel2019multi,
	title={Multi-task Learning for Chest X-ray Abnormality Classification on Noisy Labels},
	author={Guendel, Sebastian and Ghesu, Florin C and Grbic, Sasa and Gibson, Eli and Georgescu, Bogdan and Maier, Andreas and Comaniciu, Dorin},
	journal={arXiv preprint arXiv:1905.06362},
	year={2019}
}

@article{lowe2004distinctive,
	title={Distinctive image features from scale-invariant keypoints},
	author={Lowe, David G},
	journal={International journal of computer vision},
	volume={60},
	number={2},
	pages={91--110},
	year={2004},
	publisher={Springer}
}

@article{islam2017abnormality,
	title={Abnormality detection and localization in chest x-rays using deep convolutional neural networks},
	author={Islam, Mohammad Tariqul and Aowal, Md Abdul and Minhaz, Ahmed Tahseen and Ashraf, Khalid},
	journal={arXiv preprint arXiv:1705.09850},
	year={2017}
}


@inproceedings{dara2018feature,
	title={Feature Extraction By Using Deep Learning: A Survey},
	author={Dara, Suresh and Tumma, Priyanka},
	booktitle={2018 Second International Conference on Electronics, Communication and Aerospace Technology (ICECA)},
	pages={1795--1801},
	year={2018},
	organization={IEEE}
}

@inproceedings{popescu2014feature,
	title={Feature extraction, feature selection and machine learning for image classification: A case study},
	author={Popescu, M{\u{a}}d{\u{a}}lina Cosmina and Sasu, Lucian Mircea},
	booktitle={2014 International Conference on Optimization of Electrical and Electronic Equipment (OPTIM)},
	pages={968--973},
	year={2014},
	organization={IEEE}
}




